<?xml version="1.0" encoding="UTF-8"?><collection xmlns="http://www.loc.gov/MARC21/slim"><record><leader>00430nam--2200133-i-4500</leader><controlfield tag="001">000035708</controlfield><controlfield tag="002">20161230</controlfield><controlfield tag="005">20161230201040</controlfield><controlfield tag="008">060222s1000------------r-----000-0-eng-d</controlfield><datafield ind1=" " ind2=" " tag="080"><subfield code="a">002:608:621.824</subfield></datafield><datafield ind1=" " ind2=" " tag="245"><subfield code="a">Organe pentru efectuarea si transmiterea miscarii (arbori, axe). cod 55.241, nl 320</subfield></datafield><datafield ind1=" " ind2=" " tag="260"><subfield code="a">Bucuresti, Inst.Nat.De Inform.Si Docum.Stiint.Si Tehnica, F.An, 37 Fise</subfield></datafield><datafield ind1=" " ind2=" " tag="490"><subfield code="a">Cercetare Documentara</subfield></datafield><datafield ind1=" " ind2=" " tag="852"><subfield code="a">D.1310</subfield></datafield></record></collection>